@article{thakur2024verigen,
  title={Verigen: A large language model for verilog code generation},
  author={Thakur, Shailja and Ahmad, Baleegh and Pearce, Hammond and Tan, Benjamin and Dolan-Gavitt, Brendan and Karri, Ramesh and Garg, Siddharth},
  journal={ACM Transactions on Design Automation of Electronic Systems},
  volume={29},
  number={3},
  pages={1--31},
  year={2024},
  publisher={ACM New York, NY}
}